<?xml version="1.0" encoding="UTF-8"?><collection xmlns="http://www.loc.gov/MARC21/slim"><record><leader>00719nam--2200193-u-4500</leader><controlfield tag="001">000054833</controlfield><controlfield tag="002">20161230</controlfield><controlfield tag="005">20161230201051</controlfield><controlfield tag="008">120618s1000------------r-----000-0-eng-d</controlfield><datafield ind1=" " ind2=" " tag="020"><subfield code="a">9070120011</subfield></datafield><datafield ind1=" " ind2=" " tag="040"><subfield code="a">IFIN-HH</subfield></datafield><datafield ind1=" " ind2=" " tag="080"><subfield code="a">539.172.4:539.122.164(061.3)</subfield></datafield><datafield ind1="1" ind2=" " tag="100"><subfield code="a">Abrahams, K</subfield></datafield><datafield ind1="1" ind2="0" tag="245"><subfield code="a">Neutron capture gamma-ray spectroscopy</subfield><subfield code="b">Proceedings of the second international symposium on neutron capture gamma-ray spectroscopy and related topics september 2-6 1974 petten, the netherlands</subfield><subfield code="c">K. abrahams, f. stecher-rasmussen, p. van assche (eds.)</subfield></datafield><datafield ind1=" " ind2=" " tag="260"><subfield code="a">Petten</subfield><subfield code="b">Reactor Centrum Nederland</subfield><subfield code="c">1975</subfield></datafield><datafield ind1=" " ind2=" " tag="300"><subfield code="a">801P</subfield></datafield><datafield ind1="1" ind2=" " tag="700"><subfield code="a">Van Assche, P</subfield><subfield code="e">Ed</subfield></datafield><datafield ind1=" " ind2=" " tag="852"><subfield code="a">46695</subfield><subfield code="c">539.17</subfield></datafield><datafield ind1=" " ind2=" " tag="CAT"><subfield code="a">Sys</subfield><subfield code="c">20120618</subfield><subfield code="h">155357</subfield></datafield></record></collection>